<?xml version="1.0" encoding="UTF-8"?><collection xmlns="http://www.loc.gov/MARC21/slim"><record><leader>00365nam--2200133-i-4500</leader><controlfield tag="001">000023042</controlfield><controlfield tag="002">20161230</controlfield><controlfield tag="005">20161230201034</controlfield><controlfield tag="008">060222s1000------------r-----000-0-eng-d</controlfield><datafield ind1=" " ind2=" " tag="080"><subfield code="a">51</subfield></datafield><datafield ind1=" " ind2=" " tag="100"><subfield code="a">Ghersi, T</subfield></datafield><datafield ind1=" " ind2=" " tag="245"><subfield code="a">Questionnaires latticieles.reseaux de transport et optimalite. these</subfield></datafield><datafield ind1=" " ind2=" " tag="260"><subfield code="a">Paris, Faculte Des Science De Paris, 1970. 89p</subfield></datafield><datafield ind1=" " ind2=" " tag="852"><subfield code="a">34.356</subfield></datafield></record></collection>